%-------------------------------------------------------------------------------
%	PUBLICATIONS
%-------------------------------------------------------------------------------

@Article{StartingWithOllama,
   author =  {Ahmed, Ibrahim},
   title =   {Starting With Ollama: Run and Customize Large Language Models (LLMs) Locally},
   journal = {Medium},
   year =    {2024},
   month =   sep,
   howpublished = {\url{https://ibrhmahmd.medium.com/starting-with-ollama-cfbdc69be5eb}}
}

@Article{OllamaModels,
   author =  {Ahmed, Ibrahim},
   title =   {Introduction to Ollama's LLMs: Basics, Parameters, Templates, and Configurations},
   journal = {Medium},
   year =    {2024},
   month =   oct,
   howpublished = {\url{https://ibrhmahmd.medium.com/introduction-to-ollama-s-models-dd86fc213b90}}
}

@Article{DataBaseFirstVSCodeFirst,
   author =  {Ahmed, Ibrahim},
   title =   {Code First vs. Database First in EF Core: Which Approach Should You Choose?},
   journal = {Medium},
   year =    {2024},
   month =   oct,
   howpublished = {\url{https://ibrhmahmd.medium.com/code-first-vs-database-first-in-ef-core-which-approach-should-you-choose-4c9cb6ea23bc}}
}
